@article{Kaggle,
    author = {kaggle} ,
    title = {www.kaggle.com. (n.d.). Face expression recognition dataset},
    url = {https://www.kaggle.com/datasets/jonathanoheix/face-expression-recognition-dataset}
}

@article{Kaggle,
    author = {kaggle} ,
    title = {www.kaggle.com. (n.d.). Face expression recognition dataset},
    url = {https://www.kaggle.com/datasets/jonathanoheix/face-expression-recognition-dataset}
}

@article{Kaggle,
    author = {kaggle} ,
    title = {www.kaggle.com. (n.d.). Face expression recognition dataset},
    url = {https://www.kaggle.com/datasets/jonathanoheix/face-expression-recognition-dataset}
}

@article{Kaggle,
    author = {kaggle} ,
    title = {www.kaggle.com. (n.d.). Face expression recognition dataset},
    url = {https://www.kaggle.com/datasets/jonathanoheix/face-expression-recognition-dataset}
}

@article{Takimoglu,
    author = {Takimoglu, A} ,
    title = {What is Data Augmentation? Techniques, Benefit and Examples},
    url = {https://research.aimultiple.com/data-augmentation/},
    year = {2021}
}
@article{Adam,
    author = {keras.io. (n.d.)} ,
    title = {Keras documentation: Adam. },
    url = {https://keras.io/api/optimizers/adam/}
}
@article{Deepchecks,
    author = {Deepchecks. (n.d.).} ,
    title = { What is RMSProp. },
    url = {https://deepchecks.com/glossary/rmsprop/}
}
